@article{Aad_2012,
   title={Measurement of W ± Z production in proton-proton collisions at $\sqrt{s}=7~\mbox{TeV}$ with the ATLAS detector},
   volume={72},
   ISSN={1434-6052},
   url={http://dx.doi.org/10.1140/epjc/s10052-012-2173-0},
   DOI={10.1140/epjc/s10052-012-2173-0},
   number={10},
   journal={The European Physical Journal C},
   publisher={Springer Science and Business Media LLC},
   author={Aad, G. and Abajyan, T. and Abbott, B. and Abdallah, J. and Abdel Khalek, S. and Abdelalim, A. A. and Abdinov, O. and Aben, R. and Abi, B. and et al.},
   year={2012},
   month={Oct}
}

@article{campbell2011vector,
  title={Vector boson pair production at the LHC},
  author={Campbell, John M and Ellis, R Keith and Williams, Ciaran},
  journal={Journal of High Energy Physics},
  volume={2011},
  number={7},
  pages={18},
  year={2011},
  publisher={Springer}
}

@article{Khachatryan_2017,
   title={Measurement of the WZ production cross section in pp collisions at s=13 TeV},
   volume={766},
   ISSN={0370-2693},
   url={http://dx.doi.org/10.1016/j.physletb.2017.01.011},
   DOI={10.1016/j.physletb.2017.01.011},
   journal={Physics Letters B},
   publisher={Elsevier BV},
   author={Khachatryan, V. and Sirunyan, A.M. and Tumasyan, A. and Adam, W. and Asilar, E. and Bergauer, T. and Brandstetter, J. and Brondolin, E. and Dragicevic, M. and Erö, J. and et al.},
   year={2017},
   month={Mar},
   pages={268-290}
}

@article{Sirunyan_2019,
   title={Measurement of electroweak WZ boson production and search for new physics in WZ + two jets events in pp collisions at s=13TeV},
   volume={795},
   ISSN={0370-2693},
   url={http://dx.doi.org/10.1016/j.physletb.2019.05.042},
   DOI={10.1016/j.physletb.2019.05.042},
   journal={Physics Letters B},
   publisher={Elsevier BV},
   author={Sirunyan, A.M. and Tumasyan, A. and Adam, W. and Ambrogi, F. and Asilar, E. and Bergauer, T. and Brandstetter, J. and Dragicevic, M. and Erö, J. and Escalante Del Valle, A. and et al.},
   year={2019},
   month={Aug},
   pages={281-307}
}

@article{Aaboud_2017,
   title={Measurement of the ZZ production cross section in proton-proton collisions at s = 8 $$ \sqrt{s}=8 $$ TeV using the ZZ → ℓ−ℓ+ℓ′−ℓ′+ and Z Z → ℓ − ℓ + ν ν ¯ $$ ZZ\to {\ell}^{-}{\ell}^{+}\nu \overline{\nu} $$ decay channels with the ATLAS detector},
   volume={2017},
   ISSN={1029-8479},
   url={http://dx.doi.org/10.1007/JHEP01(2017)099},
   DOI={10.1007/jhep01(2017)099},
   number={1},
   journal={Journal of High Energy Physics},
   publisher={Springer Science and Business Media LLC},
   author={Aaboud, M. and Aad, G. and Abbott, B. and Abdallah, J. and Abdinov, O. and Abeloos, B. and Aben, R. and AbouZeid, O. S. and Abraham, N. L. and et al.},
   year={2017},
   month={Jan}
}

